2484 3900
279 218 333 306 78·
643 199 815 302 Appendix.

279 319 360 407 bum
373 327 521 416 effecisse,
545 317 707 430 podoque
721 361 796 408 eum
810 301 950 434 impsum
971 357 1028 434 per
1040 325 1168 430 densio-

279 462 349 509 rem
376 435 528 506 similium
549 459 707 530 vaporum
733 435 929 534 &partibus
952 436 1168 532 superioribus

278 543 500 610 continuatam
515 532 624 604 seriem
640 595 650 622 ,
681 538 814 608 eandem
831 533 997 607 flammam
1012 529 1070 606 else
1083 560 1168 634 pro-

274 660 436 740 pagatam.
492 641 541 706 Ac
553 632 646 706 simili
663 639 794 734 quidem
820 637 921 710 modo
945 636 1094 736 pleraque
1110 644 1168 734 g'e·

276 745 381 810 uetari
397 735 538 807 fulmina
551 737 715 809 existimo:
741 765 826 836 quo,
839 761 947 838 praeter
969 735 1166 809 obseruatio-

274 861 351 912 nem
365 826 496 944 iqmiam
511 847 920 926 commemoratam,etiam
940 840 1010 912 aliis
1021 839 1166 912 adducor

267 940 799 1040 'argumentisquenuncdeinceps
807 941 1020 1040 expromenda
1031 939 1113 1012 sunt.

328 1043 481 1127 Constat,
504 1043 650 1138 quedam
671 1043 744 1112 loca
764 1065 874 1138 praeter
895 1065 999 1116 cetera
1024 1041 1164 1114 subiecta

276 1139 337 1217 esse
351 1143 557 1225 fulminibus,
572 1140 814 1238 frequenterque
831 1149 926 1238 tangi.
953 1141 1025 1236 (a)
1042 1142 1164 1238 Insigni
1186 1146 1192 1158 '

272 1249 461 1317 testimonio
474 1244 519 1312 est
531 1239 634 1337 ipsum
647 1240 820 1312 Castellum
842 1243 1047 1324 Fordinouo‚
1071 1237 1164 1338 quod

270 1347 320 1415 ob
332 1365 405 1414 eam
417 1366 485 1413 rem
500 1366 589 1438 paene
601 1341 801 1414 deseruerunt
813 1347 968 1430 Domini,
988 1349 1044 1441 qui
1059 1347 1161 1412 Cani·

269 1442 391 1546 parole
404 1450 440 1515 in
451 1441 586 1542 planitie
598 1450 793 1515 commorari
813 1440 925 1517 solent.
975 1449 1091 1542 Neque
1104 1465 1160 1514 ve·

270 1573 312 1620 ro
326 1549 409 1650 huiq
423 1551 536 1619 terrori
559 1545 720 1644 aequaliter
750 1545 887 1619 subiedia
909 1543 953 1618 est
974 1551 1081 1617 omnis
1101 1541 1159 1616 illa

269 1667 364 1736 terra,
371 1647 423 1722 sed
434 1645 539 1722 solum
551 1656 721 1746 antiquum
734 1648 890 1746 palatium
906 1647 969 1720 siue
981 1643 1155 1720 castellum.

229 1782 233 1788 ’
267 1755 354 1826 Non
367 1757 466 1848 igitur
479 1750 593 1824 eodem
607 1753 707 1822 modo
721 1749 750 1824 se
763 1769 811 1824 res
825 1751 936 1836 habet,
949 1772 985 1821 vt
997 1773 1071 1822 cum
1084 1768 1159 1846 pat·

270 1873 338 1926 tem
354 1854 488 1926 alicuius
502 1859 650 1924 territorii
660 1859 759 1948 magis
768 1851 968 1949 'quamaliam
983 1849 1157 1947 expostam

270 1954 332 2027 effe
344 1958 493 2049 grandini
506 1952 682 2031 asserimusr
708 1949 901 2047 srquidemid
914 1952 1050 2047 intelligi
1063 1949 1157 2023 debet

268 2054 310 2127 de
324 2056 427 2125 tradiu
442 2074 527 2123 terrae
542 2050 612 2124 satis
638 2078 775 2146 magno,
807 2075 865 2123 nec
885 2050 1062 2149 quidquam
1084 2046 1152 2127 sete

269 2155 360 2228 aliud
372 2175 433 2253 pro
446 2173 532 2222 certo
554 2150 755 2236 obstruatur,
770 2174 869 2248 quam
890 2158 1035 2249 regiones
1053 2174 1153 2225 mon-

268 2258 354 2330 tibus
367 2257 526 2353 proxitnat
538 2250 735 2336 huiusmodi
745 2257 862 2323 iniuria
882 2252 1042 2353 saepiffime
1055 2248 1150 2328 affici.

266 2360 326 2429 sed
342 2365 377 2428 in
390 2350 579 2426 fulminibus
593 2350 695 2421 sermo
710 2354 754 2424 est
771 2354 809 2425 de
824 2354 924 2451 spatio
940 2362 1078 2450 exiguo,
1103 2360 1149 2425 ita

264 2480 301 2533 rt
315 2458 356 2529 de
368 2476 451 2525 turre
463 2452 602 2549 quadam
615 2458 651 2529 in
675 2452 822 2529 Calabria
843 2454 1079 2527 mihirrelatum
1100 2453 1147 2541 srr,

264 2583 336 2631 mm
349 2576 476 2627 tanmm
501 2576 569 2625 non
584 2560 757 2654 quotannis
777 2552 883 2643 feriri,
905 2554 1148 2655 &quandoque

263 2664 428 2733 iterumne
442 2654 556 2755 saepius.
606 2662 707 2753 Atqui
728 2656 788 2729 hac
802 2658 841 2730 de
857 2682 889 2730 re
905 2680 1072 2755 nunquam
1086 2665 1147 2729 rui·

53 2745 58 2757 ’
113 2748 119 2765 ’
261 2761 398 2848 hitatio
417 2756 590 2859 probabilis
606 2754 777 2843 reddetur,
818 2760 919 2859 posna
937 2758 1144 2861 persuasione,

262 2860 354 2961 quod
365 2888 384 2932 e
397 2860 536 2933 nubibus
550 2860 737 2933 descendant
756 2857 905 2935 fulmina.
955 2866 1143 2961 Ecquaenam
1226 2950 1227 2953 Ἴ

105 2993 110 3002 ·
135 2947 143 2976 Ι
261 2969 352 3037 enirn
362 2968 490 3059 concipi
502 2965 649 3033 attradiio
664 2965 766 3059 potest
783 2957 977 3047 samsonis,
1003 2983 1058 3034 aut
1073 2984 1143 3061 quae
1176 3010 1180 3015 -

260 3071 377 3151 virtut,
392 3087 456 3161 qua
468 3062 695 3135 determinetur
713 3086 907 3161 portantum
926 3059 1078 3161 spatium
1103 3064 1143 3135 ad

214 3212 219 3219 ·
258 3164 452 3265 fingularem
464 3166 624 3263 quendam
641 3164 768 3255 locum,
793 3170 929 3264 impetus
946 3168 1026 3243 adeo
1041 3164 1142 3239 surio·

297 3313 348 3398 (a)
369 3314 464 3403 Supra
474 3314 510 3378 R·
518 3309 542 3375 I.
554 3331 585 3377 n
597 3277 652 3377 Vl.

887 3438 892 3445 ·
1015 3448 1017 3455 -
1080 3389 1141 3487 sus,
